* Options ; Beancount options

option "title" "木兰重启项目收支表"
option "operating_currency" "CNY" ; The main currencies you use

** Accounts ; Open all the accounts you have
; all dates are Beijing time

2020-01-25 open Assets:Budget:总预算 CNY
2020-01-25 open Income:Donation:赞助者0 CNY

** Opening Balances
2020-01-25 * "Opening Balances"
    Income:Donation:赞助者0             -10000.00 CNY
    Assets:Budget:总预算                10000.00 CNY

2020-01-26 open Expenses:Bounty:贡献者1

2020-01-26 * "向第一位付酬金；追加投资"
    Expenses:Bounty:贡献者1             154.88 CNY
    Income:Donation:赞助者0             -154.88 CNY

2020-01-27 open Income:Donation:赞助者1

2020-01-27 * "第一位赞助者"
    Income:Donation:赞助者1             -50 CNY
    Assets:Budget:总预算                50 CNY

2020-01-28 * "向第一位付酬金"
    Expenses:Bounty:贡献者1             800.00 CNY
    Income:Donation:赞助者0             -800.00 CNY

** 注意：需确认gitee是否将悬赏金完全转给贡献者
** gitee 任务订单记录在：https://gitee.com/profile/gitee_reward
2020-01-25 open Assets:Budget:Gitee悬赏 CNY

2021-05-11 * "首个 Gitee 悬赏任务：【新人优先】重现一个内置函数——bytes"
    Assets:Budget:总预算             -100.00 CNY
    Assets:Budget:Gitee悬赏         100.00 CNY

2021-05-11 * "Gitee 悬赏任务：补完余下三十多个内置函数"
    Assets:Budget:总预算             -128.00 CNY
    Assets:Budget:Gitee悬赏         128.00 CNY

2021-05-11 * "Gitee 悬赏任务：木兰源码转换为 Python"
    Assets:Budget:总预算             -688.00 CNY
    Assets:Budget:Gitee悬赏         688.00 CNY

2021-05-16 * "Gitee 悬赏任务：Windows 下两种测试方式输出相差 \r"
    Assets:Budget:总预算             -128.00 CNY
    Assets:Budget:Gitee悬赏         128.00 CNY

2021-05-16 open Expenses:Bounty:贡献者fcfco

2021-05-16 * "通过首个 Gitee 悬赏任务：重现一个内置函数——bytes"
    Expenses:Bounty:贡献者fcfco             100.00 CNY
    Assets:Budget:Gitee悬赏         -100.00 CNY

2021-05-16 * "通过 Gitee 悬赏任务：补完余下三十多个内置函数"
    Expenses:Bounty:贡献者fcfco             128.00 CNY
    Assets:Budget:Gitee悬赏         -128.00 CNY

2021-05-20 * "Gitee 悬赏任务：补完二元表达式（bin_expr）的四个运算符"
    Assets:Budget:总预算             -100.00 CNY
    Assets:Budget:Gitee悬赏         100.00 CNY

2021-05-21 * "通过 Gitee 悬赏任务：补完二元表达式（bin_expr）的四个运算符"
    Expenses:Bounty:贡献者fcfco             100.00 CNY
    Assets:Budget:Gitee悬赏         -100.00 CNY

2021-05-24 * "Gitee 悬赏任务：【新人优先】补完增量赋值 *= ^= |= &= /= %= 等等"
    Assets:Budget:总预算             -100.00 CNY
    Assets:Budget:Gitee悬赏         100.00 CNY

2021-05-24 * "Gitee 悬赏任务：重现语法——赋值时指定变量类型"
    Assets:Budget:总预算             -128.00 CNY
    Assets:Budget:Gitee悬赏         128.00 CNY

2021-05-24 * "Gitee 悬赏任务：【进阶】重现所有 yield 相关语法"
    Assets:Budget:总预算             -188.00 CNY
    Assets:Budget:Gitee悬赏         188.00 CNY

2021-05-28 * "通过 Gitee 悬赏任务：【进阶】重现所有 yield 相关语法"
    Expenses:Bounty:贡献者fcfco             188.00 CNY
    Assets:Budget:Gitee悬赏         -188.00 CNY

2021-05-30 * "通过 Gitee 悬赏任务：重现语法——赋值时指定变量类型"
    Expenses:Bounty:贡献者fcfco             128.00 CNY
    Assets:Budget:Gitee悬赏         -128.00 CNY

2021-05-30 * "Gitee 悬赏任务：重现语法——支持 lambda 形参为空或者多个，以及指定参数类型"
    Assets:Budget:总预算             -268.00 CNY
    Assets:Budget:Gitee悬赏         268.00 CNY

2021-05-31 * "Gitee 悬赏任务超时退款：木兰源码转换为 Python"
    Assets:Budget:总预算             688.00 CNY
    Assets:Budget:Gitee悬赏         -688.00 CNY

2021-05-31 * "Gitee 悬赏任务重开：木兰源码转换为 Python"
    Assets:Budget:总预算             -788.00 CNY
    Assets:Budget:Gitee悬赏         788.00 CNY

2021-05-31 * "Gitee 悬赏任务解决但未领悬赏因此退款：Windows 下两种测试方式输出相差 \r"
    Assets:Budget:总预算             128.00 CNY
    Assets:Budget:Gitee悬赏         -128.00 CNY

2022-01-25 open Expenses:Bounty:贡献者cndp

2022-01-25 * "完成 Gitee 悬赏任务：【新人优先】补完增量赋值 *= ^= |= &= /= %= 等等"
    Expenses:Bounty:贡献者cndp             100.00 CNY
    Assets:Budget:Gitee悬赏         -100.00 CNY

2022-05-29 open Expenses:Bounty:贡献者LaomoBK

2022-05-29 * "通过 Gitee 悬赏任务：【老手】木兰源码转换为 Python"
    Expenses:Bounty:贡献者LaomoBK            788.00 CNY
    Assets:Budget:Gitee悬赏         -788.00 CNY

2022-06-23 * "通过 Gitee 悬赏任务：重现语法——支持 lambda 形参为空或者多个，以及指定参数类型"
    Expenses:Bounty:贡献者cndp           268.00 CNY
    Assets:Budget:Gitee悬赏         -268.00 CNY

2021-07-03 * "新添悬赏任务：重现语法——函数 可变长参数"
    Assets:Budget:总预算             -318.00 CNY
    Assets:Budget:Gitee悬赏         318.00 CNY

2021-07-03 * "新添悬赏任务：测试.unittest.原始可执行文件 报错"
    Assets:Budget:总预算             -100.00 CNY
    Assets:Budget:Gitee悬赏         100.00 CNY

2022-07-24 * "通过 Gitee 悬赏任务：重现语法——函数 可变长参数"
    Expenses:Bounty:贡献者cndp           318.00 CNY
    Assets:Budget:Gitee悬赏         -318.00 CNY

2022-08-04 * "测试.unittest.原始可执行文件 报错"
    Expenses:Bounty:贡献者LaomoBK            100.00 CNY
    Assets:Budget:Gitee悬赏         -100.00 CNY

** 10% gitee服务费，10% 捐给项目（已开捐赠，待确认）

2022-10-11 * "新添悬赏任务：【探索原始木兰功能】木兰源码转换为 blockly xml"
    Assets:Budget:总预算             -168.00 CNY
    Assets:Budget:Gitee悬赏         168.00 CNY

2022-10-11 * "过期退款：【探索原始木兰功能】木兰源码转换为 blockly xml"
    Assets:Budget:总预算             168.00 CNY
    Assets:Budget:Gitee悬赏         -168.00 CNY

2022-10-11  * "新添悬赏任务：添加github workflow与对应徽章"
    Assets:Budget:总预算             -128.00 CNY
    Assets:Budget:Gitee悬赏         128.00 CNY

2022-10-17  * "新添悬赏任务：复现所有命令行参数"
    Assets:Budget:总预算             -888.00 CNY
    Assets:Budget:Gitee悬赏         888.00 CNY

2022-10-20  * "新添悬赏任务：重现语法——补全 super 功能"
    Assets:Budget:总预算             -218.00 CNY
    Assets:Budget:Gitee悬赏         218.00 CNY

2022-10-20  * "重现语法——在类型内定义类型"
    Assets:Budget:总预算             -168.00 CNY
    Assets:Budget:Gitee悬赏         168.00 CNY

2022-10-20  * "重现语法——支持十六进制数"
    Assets:Budget:总预算             -218.00 CNY
    Assets:Budget:Gitee悬赏         218.00 CNY

2022-10-20  * "重现语法——补全 try ... catch ... finally"
    Assets:Budget:总预算             -688.00 CNY
    Assets:Budget:Gitee悬赏         688.00 CNY

2022-10-21  * "新添悬赏任务：重现语法——支持重载余下所有操作符，包括二元、一元等"
    Assets:Budget:总预算             -888.00 CNY
    Assets:Budget:Gitee悬赏         888.00 CNY

2022-10-22  * "新添悬赏任务：重现语法——支持 .. 作为模块路径"
    Assets:Budget:总预算             -168.00 CNY
    Assets:Budget:Gitee悬赏         168.00 CNY

2022-10-22  * "新添悬赏任务：重现语法——（语义待确定）复杂类型注解"
    Assets:Budget:总预算             -318.00 CNY
    Assets:Budget:Gitee悬赏         318.00 CNY

2022-11-01 * "通过 Gitee 悬赏任务：重现语法——支持 .. 作为模块路径"
    Expenses:Bounty:贡献者fcfco      168.00 CNY
    Assets:Budget:Gitee悬赏         -168.00 CNY

2022-11-03 * "通过 Gitee 悬赏任务：重现语法——补全 super 功能"
    Expenses:Bounty:贡献者fcfco      218.00 CNY
    Assets:Budget:Gitee悬赏         -218.00 CNY

2022-11-04 * "通过 Gitee 悬赏任务：重现语法——在类型内定义类型"
    Expenses:Bounty:贡献者fcfco      168.00 CNY
    Assets:Budget:Gitee悬赏         -168.00 CNY

2022-11-06 * "通过 Gitee 悬赏任务：重现语法——支持十六进制数"
    Expenses:Bounty:贡献者fcfco      218.00 CNY
    Assets:Budget:Gitee悬赏         -218.00 CNY

** 应在悬赏到期时(十五号左右)由gitee平台自动付款, 现在(12月2日)显示"结款中"
2022-11-08 * "通过 Gitee 悬赏任务：重现语法——支持十六进制数"
    Expenses:Bounty:贡献者fcfco      318.00 CNY
    Assets:Budget:Gitee悬赏         -318.00 CNY

2022-11-16 * "通过 Gitee 悬赏任务：重现语法——补全 try ... catch ... finally"
    Expenses:Bounty:贡献者fcfco      688.00 CNY
    Assets:Budget:Gitee悬赏         -688.00 CNY

2022-11-28 * "通过 Gitee 悬赏任务：重现语法——支持重载余下所有操作符，包括二元、一元等"
    Expenses:Bounty:贡献者fcfco      888.00 CNY
    Assets:Budget:Gitee悬赏         -888.00 CNY

** 2022-11-30 以下三个任务由于悬赏过期短暂退回
2022-11-30  * "悬赏过期：添加github workflow与对应徽章"
    Assets:Budget:总预算             128.00 CNY
    Assets:Budget:Gitee悬赏         -128.00 CNY

2022-11-30  * "悬赏过期：复现所有命令行参数"
    Assets:Budget:总预算             888.00 CNY
    Assets:Budget:Gitee悬赏         -888.00 CNY

** 重新发布任务

2022-12-01  * "重启悬赏任务：复现所有命令行参数"
    Assets:Budget:总预算             -888.00 CNY
    Assets:Budget:Gitee悬赏         888.00 CNY

** 退款中：https://gitee.com/MulanRevive/mulan-rework/issues/I5V2ZH
** 2024年8月仍未修复，遂关闭
2022-12-01 * "重启悬赏任务：【探索原始木兰功能】木兰源码转换为 blockly xml"
    Assets:Budget:总预算             -188.00 CNY
    Assets:Budget:Gitee悬赏         188.00 CNY

2022-12-02 * "重启悬赏任务：添加github workflow与对应徽章"
    Assets:Budget:总预算             -128.00 CNY
    Assets:Budget:Gitee悬赏         128.00 CNY

** -原为下划线
2022-12-06 open Expenses:Bounty:贡献者heStudio-admin

2022-12-08 * "通过 Gitee 悬赏任务：添加github workflow与对应徽章"
    Expenses:Bounty:贡献者heStudio-admin      128.00 CNY
    Assets:Budget:Gitee悬赏         -128.00 CNY

2023-01-03 * "通过 Gitee 悬赏任务：复现所有命令行参数"
    Expenses:Bounty:贡献者LaomoBK             888.00 CNY
    Assets:Budget:Gitee悬赏         -888.00 CNY

** 退款中：https://gitee.com/MulanRevive/mulan-rework/issues/I6B8GO
2023-01-27 * "二月十一日一点知乎 live 讲座《木兰编程语言重现项目三年小结》，比较原始木兰长期悬赏"
    Assets:Budget:总预算             -100.00 CNY
    Assets:Budget:Gitee悬赏         100.00 CNY

2023-02-12 * "报错信息与测试用例不符"
    Assets:Budget:总预算             -168.00 CNY
    Assets:Budget:Gitee悬赏         168.00 CNY

** https://gitee.com/MulanRevive/mulan-rework/issues/I68E9I
2023-02-12 * "【新手优先】全局变量 ARGV 未赋值；检查其他全局变量、函数等"
    Assets:Budget:总预算             -128.00 CNY
    Assets:Budget:Gitee悬赏         128.00 CNY

** https://gitee.com/MulanRevive/mulan-rework/issues/I668SL
2023-02-12 * "【新手优先】交互中判断 finally 是否结束"
    Assets:Budget:总预算             -100.00 CNY
    Assets:Budget:Gitee悬赏         100.00 CNY

** https://gitee.com/MulanRevive/mulan-rework/issues/I6EGV4
2023-02-12 * "【老手】增加对 python 3.8 的支持"
    Assets:Budget:总预算             -688.00 CNY
    Assets:Budget:Gitee悬赏         688.00 CNY

2023-02-22 * "实例函数调用println的两种声明方法，调用结果不同"
    Assets:Budget:总预算             -128.00 CNY
    Assets:Budget:Gitee悬赏         128.00 CNY

2023-03-09 * "通过 Gitee 悬赏任务：实例函数调用println的两种声明方法，调用结果不同"
    Expenses:Bounty:贡献者fcfco      128.00 CNY
    Assets:Budget:Gitee悬赏         -128.00 CNY

** https://gitee.com/MulanRevive/mulan-rework/issues/I6MSGH
2023-03-14 * "在线编辑器的web前端布局出错"
    Assets:Budget:总预算             -128.00 CNY
    Assets:Budget:Gitee悬赏         128.00 CNY

2023-03-30 * "通过 Gitee 悬赏任务：在线编辑器的web前端布局出错"
    Expenses:Bounty:贡献者fcfco     128.00 CNY
    Assets:Budget:Gitee悬赏         -128.00 CNY

2021-03-31 * "Gitee 悬赏任务超时退款：报错信息与测试用例不符"
    Assets:Budget:总预算             168.00 CNY
    Assets:Budget:Gitee悬赏         -168.00 CNY

** https://gitee.com/MulanRevive/mulan-rework/issues/I6CUCL
2023-04-01 * "报错信息与测试用例不符"
    Assets:Budget:总预算             -188.00 CNY
    Assets:Budget:Gitee悬赏         188.00 CNY

2023-04-20 * "通过 Gitee 悬赏任务：【老手】增加对 python 3.8 的支持"
    Expenses:Bounty:贡献者LaomoBK    688.00 CNY
    Assets:Budget:Gitee悬赏         -688.00 CNY

2023-07-21 open Expenses:Bounty:贡献者白油

** https://gitee.com/MulanRevive/mulan-rework/issues/I6CUCL
2023-07-22 * "通过 Gitee 悬赏任务：报错信息与测试用例不符"
    Expenses:Bounty:贡献者白油       188.00 CNY
    Assets:Budget:Gitee悬赏         -188.00 CNY

** 退款中：https://gitee.com/MulanRevive/mulan-rework/issues/I7UIHT
2023-08-20 * "在 pypi 发布新版本，以支持 python 3.8，等等"
    Assets:Budget:总预算             -128.00 CNY
    Assets:Budget:Gitee悬赏         128.00 CNY

** 2023 Gitee悬赏 余额 644
** 其中 I668SL I68E9I 悬赏中，100+128=228；I7UIHT，I5V2ZH，I6B8GO 退款中，100+128+188=416

** https://gitee.com/MulanRevive/mulan-rework/issues/I8T735
** 截止：2024-07-01
2024-01-03 * "【老手】支持 3.7 和 3.8 的现有基础上，增加对 python 3.9 的支持"
    Assets:Budget:总预算             -888.00 CNY
    Assets:Budget:Gitee悬赏         888.00 CNY

** https://gitee.com/MulanRevive/mulan-rework/issues/I90KWE 代替 I7UIHT
** 截止：2024-08-01
2024-02-02 * "pypi 发布支持 python 3.8 的新版本 "
    Assets:Budget:总预算             -188.00 CNY
    Assets:Budget:Gitee悬赏         188.00 CNY

** https://gitee.com/MulanRevive/mulan-rework/issues/I90KWQ 代替 I6B8GO
** 截止：2024-08-01
2024-02-02 * "【不限次数长期有效】查漏：重现项目与原始木兰的不同之处"
    Assets:Budget:总预算             -118.00 CNY
    Assets:Budget:Gitee悬赏         118.00 CNY

2024-03-23 open Expenses:Bounty:贡献者lordy

2024-03-24 * "通过 Gitee 悬赏任务：【老手】支持 3.7 和 3.8 的现有基础上，增加对 python 3.9 的支持"
    Expenses:Bounty:贡献者lordy       888.00 CNY
    Assets:Budget:Gitee悬赏         -888.00 CNY

2024-03-26 * "通过 Gitee 悬赏任务：pypi 发布支持 python 3.8 的新版本"
    Expenses:Bounty:贡献者lordy       188.00 CNY
    Assets:Budget:Gitee悬赏         -188.00 CNY

** https://gitee.com/MulanRevive/mulan-rework/issues/I9B509
** 截止：2024-05-01
2024-01-03 * "【老手】支持 3.7-3.9 的现有基础上，增加对 python 3.10-11 的支持"
    Assets:Budget:总预算             -688.00 CNY
    Assets:Budget:Gitee悬赏         688.00 CNY

2024-06-28 open Expenses:Bounty:贡献者python2008

2024-06-28 * "通过 Gitee 悬赏任务：【不限次数长期有效】查漏：重现项目与原始木兰的不同之处"
    Expenses:Bounty:贡献者python2008   118.00 CNY
    Assets:Budget:Gitee悬赏         -118.00 CNY

** https://gitee.com/MulanRevive/mulan-rework/issues/IA97YY
** 截止：2024-12-28
2024-06-29 * "【不限次数长期有效】查漏之二：重现项目与原始木兰的不同之处"
    Assets:Budget:总预算             -118.00 CNY
    Assets:Budget:Gitee悬赏         118.00 CNY

** https://gitee.com/MulanRevive/mulan-rework/issues/IANHYP
2024-08-29 * "取代失效悬赏任务：【探索原始木兰功能】木兰源码转换为 blockly xml "
    Assets:Budget:总预算             -218.00 CNY
    Assets:Budget:Gitee悬赏         218.00 CNY
